<record><leader>00000cas a2200000 a 4500</leader><controlfield tag="001">15470277</controlfield><controlfield tag="008">870401d18301920nyuwr ne      0    0eng c</controlfield><datafield ind1=" " ind2=" " tag="010"><subfield code="a">sn 87060187 </subfield></datafield><datafield ind1=" " ind2=" " tag="040"><subfield code="a">KNP</subfield><subfield code="b">eng</subfield><subfield code="c">KNP</subfield><subfield code="d">NYS</subfield><subfield code="d">KNP</subfield><subfield code="d">MGN</subfield><subfield code="d">OCL</subfield><subfield code="d">YOX</subfield><subfield code="d">MGN</subfield><subfield code="d">CNK</subfield><subfield code="d">NVK</subfield><subfield code="d">OCL</subfield><subfield code="d">ATL</subfield><subfield code="d">NYS</subfield><subfield code="d">KRTAS</subfield><subfield code="d">OCLCQ</subfield><subfield code="d">OCLCF</subfield><subfield code="d">OCLCO</subfield><subfield code="d">OCLCA</subfield></datafield><datafield ind1=" " ind2=" " tag="019"><subfield code="a">17415359</subfield></datafield><datafield ind1="1" ind2=" " tag="029"><subfield code="a">AU@</subfield><subfield code="b">000010025840</subfield></datafield><datafield ind1=" " ind2=" " tag="042"><subfield code="a">pcc</subfield></datafield><datafield ind1=" " ind2=" " tag="043"><subfield code="a">n-us---</subfield><subfield code="a">n-us-ny</subfield></datafield><datafield ind1=" " ind2="4" tag="050"><subfield code="a">BX9501</subfield><subfield code="b">.C4</subfield></datafield><datafield ind1=" " ind2=" " tag="092"><subfield code="a">070.1</subfield></datafield><datafield ind1="0" ind2=" " tag="130"><subfield code="a">Christian intelligencer (New York, N.Y. : 1830)</subfield></datafield><datafield ind1="1" ind2="0" tag="245"><subfield code="a">Christian intelligencer.</subfield></datafield><datafield ind1=" " ind2=" " tag="260"><subfield code="a">New-York [N.Y.] :</subfield><subfield code="b">Printed and published by William A. Mercein for an Association of members of the Protestant Reformed Dutch Church,</subfield><subfield code="c">1830-1920.</subfield></datafield><datafield ind1=" " ind2=" " tag="300"><subfield code="a">91 v. :</subfield><subfield code="b">ill. ;</subfield><subfield code="c">40-70 cm.</subfield></datafield><datafield ind1=" " ind2=" " tag="310"><subfield code="a">Weekly</subfield></datafield><datafield ind1="0" ind2=" " tag="362"><subfield code="a">Vol. 1, no. 1 (Aug. 7, 1830)-v. 91, no. 23 (June 30, 1920).</subfield></datafield><datafield ind1=" " ind2=" " tag="500"><subfield code="a">Published by: an Association of Members of the Protestant Reformed Dutch Church, Aug. 6, 1831-Dec. 15, 1838; Charles Van Wyck, Dec. 22, 1838-Dec. 27, 1860; E.R. Atwater, Jan. 3, 1861-Apr. 24, 1862; Charles Van Wyck, May 1, 1862-Sept. 28, 1871.</subfield></datafield><datafield ind1=" " ind2=" " tag="500"><subfield code="a">Edited by: Rev. C.D. Westbrook, D.D., Aug. 7, 1830-May 18, 1833; an Association of Members of the Protestant Reformed Dutch Church, May 25, 1833-July 6, 1848; Rev. John Bevier, July 13, 1848-Mar. 4, 1852; Rev. Elbert S. Porter, May 5, 1853-Apr. 6, 1868; E.R. Atwater, Apr. 23, 1868-Sept. 28, 1871.</subfield></datafield><datafield ind1=" " ind2=" " tag="500"><subfield code="a">Published on Saturday, Aug. 7, 1830-&lt;Jan. 18, 1845&gt;; and on Thursday, &lt;Feb. 6, 1845-July 10, 1873&gt;; and on Wednesday, &lt;June 22, 1898-Apr. 24, 1907&gt;</subfield></datafield><datafield ind1=" " ind2=" " tag="500"><subfield code="a">"Eendragt maatt magt", &lt;1840&gt;; "Eendracht maakt macht", &lt;1841-Feb. 24, 1844&gt;; "Een=dracht maakt macht", &lt;July 13, 1844-July 10, 1873&gt;</subfield></datafield><datafield ind1=" " ind2=" " tag="500"><subfield code="a">Changed to periodical Jan. 2, 1918.</subfield></datafield><datafield ind1=" " ind2=" " tag="515"><subfield code="a">Issues for Aug. 6, 1831-June 30, 1920 also called whole no. 53-whole no. 4689.</subfield></datafield><datafield ind1=" " ind2=" " tag="525"><subfield code="a">Supplements accompany some issues.</subfield></datafield><datafield ind1=" " ind2=" " tag="530"><subfield code="a">Also issued on microfilm by American Theological Library Association.</subfield></datafield><datafield ind1=" " ind2=" " tag="550"><subfield code="a">Official organ of: General Synod, The Reformed Church in America, July 11, 1917-June 30, 1920.</subfield></datafield><datafield ind1=" " ind2="0" tag="650"><subfield code="a">Reformed Church</subfield><subfield code="v">Newspapers.</subfield></datafield><datafield ind1=" " ind2="0" tag="650"><subfield code="a">Protestants</subfield><subfield code="z">New York (State)</subfield><subfield code="z">New York</subfield><subfield code="v">Newspapers.</subfield></datafield><datafield ind1=" " ind2="0" tag="651"><subfield code="a">New York (N.Y.)</subfield><subfield code="v">Newspapers.</subfield></datafield><datafield ind1=" " ind2="0" tag="651"><subfield code="a">New York County (N.Y.)</subfield><subfield code="v">Newspapers.</subfield></datafield><datafield ind1=" " ind2="7" tag="655"><subfield code="a">Newspapers.</subfield><subfield code="2">fast</subfield><subfield code="0">(OCoLC)fst01423814</subfield></datafield><datafield ind1=" " ind2="7" tag="650"><subfield code="a">Protestants.</subfield><subfield code="2">fast</subfield><subfield code="0">(OCoLC)fst01079934</subfield></datafield><datafield ind1=" " ind2="7" tag="650"><subfield code="a">Reformed Church.</subfield><subfield code="2">fast</subfield><subfield code="0">(OCoLC)fst01092606</subfield></datafield><datafield ind1=" " ind2="7" tag="651"><subfield code="a">New York (State)</subfield><subfield code="z">New York.</subfield><subfield code="2">fast</subfield><subfield code="0">(OCoLC)fst01204333</subfield></datafield><datafield ind1=" " ind2="7" tag="651"><subfield code="a">New York (State)</subfield><subfield code="z">New York County.</subfield><subfield code="2">fast</subfield><subfield code="0">(OCoLC)fst01234953</subfield></datafield><datafield ind1="2" ind2=" " tag="710"><subfield code="a">Reformed Protestant Dutch Church (U.S.)</subfield></datafield><datafield ind1="2" ind2=" " tag="710"><subfield code="a">Reformed Church in America.</subfield><subfield code="b">General Synod.</subfield></datafield><datafield ind1=" " ind2=" " tag="752"><subfield code="a">United States</subfield><subfield code="b">New York</subfield><subfield code="c">New York</subfield><subfield code="d">New York.</subfield></datafield><datafield ind1="1" ind2=" " tag="776"><subfield code="c">Microfilm</subfield><subfield code="d">American Theological Library Association</subfield><subfield code="w">(DLC)   00221241</subfield><subfield code="w">(OCoLC)43641177</subfield></datafield><datafield ind1="0" ind2="8" tag="776"><subfield code="i">Online version:</subfield><subfield code="t">Christian intelligencer (New York, N.Y. : 1830)</subfield><subfield code="w">(OCoLC)659398182</subfield></datafield><datafield ind1="0" ind2="0" tag="780"><subfield code="t">Magazine of the Dutch Reformed Church</subfield></datafield><datafield ind1="0" ind2="0" tag="785"><subfield code="t">Intelligencer (New York, N.Y.)</subfield><subfield code="w">(DLC)sn 93062877</subfield><subfield code="w">(OCoLC)27790926</subfield></datafield><datafield ind1=" " ind2=" " tag="938"><subfield code="a">Kirtas Technologies, Inc.</subfield><subfield code="b">KRTS</subfield><subfield code="n">740083</subfield></datafield></record>